
@misc{scho,
author={Schoenberg, Arnold},
title={Composition with twelve tones},
url={http://music.ucsc.edu/sites/default/files/14.SchoenbergTwelveTone.pdf},
year={1923},
note={Publicado en {\it Style and Idea}}
}

@misc{wagner,
	author={Wagner, Richard},
	title={Oper und Drama},
	url={http://users.skynet.be/johndeere/wlpdf/wlpr0063.pdf},
	year={1851}
}

@misc{hauer,
author={Schoenberg, Arnold},
title={Hauer's Theories},
url={https://books.google.cz/books?id=jbXtxJezk5cC},
year={1923},
note={Publicado en {\it Style and Idea}}
}

@book{jeppesen,
author={Jeppesen, Knud},
title={Counterpoint: The Polyphonic Vocal Style of the Sixteenth Century},
isbn={9780486270364},
lccn={39015933},
series={(The Prentice-Hall music series)},
url={https://books.google.es/books?id=OcSVGkug58gC},
year={1992},
publisher={Dover Publications}
}

@book{mha,
author={de Aixquivel, J.},
title = {Memorias de Historia Antigua},
type = {book},
url={https://books.google.es/books?id=m6zZrpltkzYC},
publisher={Universidad de Oviedo},
year      = 1989,
}

@misc{aguirre,
author = {Aguirre, Felipe},
title = {El concepto de ``disonancia" en Adorno y en la nueva música},
howpublished = {\url{http://www.felipeaguirre.co/blog/2019/1/28/el-concepto-de-disonancia-en-adorno-y-en-la-nueva-musica}},
type = {web page},
url = {\url{http://www.felipeaguirre.co/blog/2019/1/28/el-concepto-de-disonancia-en-adorno-y-en-la-nueva-musica}},
year = {Enero de 2019},
note={Consultado en agosto de 2019}
}

@misc{boulez,
author = {Boulez, Pierre},
title = {Schoenberg is dead},
howpublished = {\url{http://www.ubu.com/papers/Boulez-Schoenberg+Is+Dead.pdf}},
type = {web page},
url = {\url{http://www.ubu.com/papers/Boulez-Schoenberg+Is+Dead.pdf}},
year = {1952},
note={Publicado en la revista {\it The Score} originalmente; consultado en línea en agosto de 2019}
}


@article{clercq,
author = {Clercq, Trevor de},
title = {{A Window into Tonality via the Structure of Schoenberg's ``Musette'' from the Piano Suite, op. 25}},
journal={Theory/Analysis of 20th-Century Music},
year = {2006},
note={Accesible en \url{http://www.midside.com/pdf/eastman/fall06/th513/schoenberg_op25_analysis.pdf};  consultado en línea en agosto de 2019}
}
 
 
 
@phdthesis{diaz,
  author       = {Díaz de la Fuente, Alicia}, 
  title        = {Estructura y significado en la música serial y aleatoria},
  school       = {Universidad Nacional de Educación a Distancia},
  year         = 2005,
  address      = {Departamento de Filosofía},
  note         = {\url{https://www2.uned.es/dpto_fim/publicaciones/alicia_1.pdf}}
}		

@article{dominguez,
author = {Domínguez Romero, Manuel},
title = {Las matemáticas en el serialismo musical},
Journal = {Sigma},
Volume = {41},
	Number = {24},
	Pages = {93--98},
year = {2011},
note={Accesible en \url{http://www.hezkuntza.ejgv.euskadi.eus/r43-573/es/contenidos/informacion/dia6_sigma/es_sigma/adjuntos/sigma_24/6_Serialismo_musical.pdf}}
}

@misc{gom-1,
author = {Gómez, Paco},
title = {\textit{Mathematics and Computation in Music 2019}: un congreso interdisciplinar},
howpublished = {\url{http://vps280516.ovh.net/divulgamat15/index.php?option=com_content&view=article&id=18184:98-junio-2019-mathematics-and-computation-in-music-2019-un-congreso-interdisciplinar&catid=67:ma-y-matemcas&directory=67}},
type = {web page},
url = {\url{http://vps280516.ovh.net/divulgamat15/index.php?option=com_content&view=article&id=18184:98-junio-2019-mathematics-and-computation-in-music-2019-un-congreso-interdisciplinar&catid=67:ma-y-matemcas&directory=67}},
year = {julio de 2019},
note={Consultado en agosto de 2019}
}

@misc{gom-2,
author = {Gómez, Paco},
title = {\textit{Crónica del congreso Mathematics and Computation in Music 2019}},
howpublished = {\url{http://vps280516.ovh.net/divulgamat15/index.php?option=com_content&view=article&id=18206:99-agosto-2019-cronica-del-congreso-mathematics-and-computation-in-music-2019&catid=67:ma-y-matemcas&directory=67}},
type = {web page},
url = {\url{http://vps280516.ovh.net/divulgamat15/index.php?option=com_content&view=article&id=18206:99-agosto-2019-cronica-del-congreso-mathematics-and-computation-in-music-2019&catid=67:ma-y-matemcas&directory=67}},
year = {julio de 2019},
note={Consultado en agosto de 2019}
} 


@mastersthesis{kinney,
author = {Kinney, James P.},
title = {Twelve-tone Serialism: Exploring the Works of Anton Webern},
  school       = {University of San Diego},
  year   ={ 2015},
  address      = {University of San Diego},
  note         = {\url{https://digital.sandiego.edu/honors_theses/1}}
}
	
@misc{ilomaki,
author = { Ilomäki, Tuukka},
title = {On the Similarity of Twelve-Tone Rows},
journal={Sibelius Academy},
howpublished = {\url{https://helda.helsinki.fi/handle/10138/235041}},
type = {web page},
url = {\url{https://helda.helsinki.fi/handle/10138/235041}},
year = {2008},
note={Consultado en línea en agosto de 2019}
}

@incollection{hyde,
  author       = {Peter Farindon}, 
  title        = {Dodecaphonism: Schoenberg},
  booktitle    = {Models of Musical Analysis: Early Twentieth-century Music},
  publisher    = {Blackwell Pub },
  year         = 1993,
  editor       = {Everist, M. and Dunsby, J.},
  chapter      = {4},
  pages        = {45--60},
  address      = {Oxford, Inglaterra},
  note         = {\url{https://books.google.es/books?id=JSdVHAAACAAJ}}
}
		


@phdthesis{xiao,
  author       = {Xiao, June}, 
  title        = {Bach's Influences in the Piano Music of Four 20th Century Composers},
  school       = {Jacobs School of Music},
  year         = 2014,
  address      = {Universidad de Indiana},
  note         = {\url{https://scholarworks.iu.edu/dspace/handle/2022/19212}}
}	
 
