@book{armstrong,
  author       = {Armstrong, Mark A.},
  title        = {{Groups and Symmetry}},
  isbn         = {9781475740349},
  lccn         = {87037677},  
  series       = {Undergraduate Texts in Mathematics},
  url          = {https://books.google.es/books?id=f2AFCAAAQBAJ},
  year         = {2013},
  publisher    = {Springer New York},
  chapter      = 8,
  note         = {Chapter 6: ``Permutations''. Chapter 17: ``Actions, Orbits, and Stabilizers''. Chapter 18: ``Counting Orbits''. \url{https://books.google.es/books?id=f2AFCAAAQBAJ}}
}		

@article{reiner,
	author       = {Reiner, David L.},
	year         = {1985},
	month        = {01},
	pages        = {51-54},
	title        = {{Enumeration in Music Theory}},
	volume       = {92},
	journal      = {The American Mathematical Monthly},
	url          = {\url{https://eclass.uoa.gr/modules/document/file.php/MATH379/2.%20%CE%86%CF%81%CE%B8%CF%81%CE%B1%3A%20American%20Mathematical%20Monthly/Enumeration%20in%20Music%20Theory.pdf}},
	note = {\url{https://eclass.uoa.gr/modules/document/file.php/MATH379/2.%20%CE%86%CF%81%CE%B8%CF%81%CE%B1%3A%20American%20Mathematical%20Monthly/Enumeration%20in%20Music%20Theory.pdf}},
}

@article{polygons,
	author       = {Golomb, S. W. and Welch, L. R.},
	year         = {1960},
	month        = {04},
	pages        = {349-353},
	title        = {{On the enumeration of polygons}},
	volume       = {67},
	journal      = {The American Mathematical Monthly},
	url          = {\url{https://oeis.org/A000939/a000939.pdf}},
	note = {\url{https://oeis.org/A000939/a000939.pdf}},
}

@article{actions,
	author       = {Crans, Alissa S. and Fiore, Thomas M. and Satyendra, Ramon},
	year         = {2009},
	month        = {06},
	pages        = {479-495},
	title        = {{Musical Actions of Dihedral Groups}},
	volume       = {116},
	journal      = {The American Mathematical Monthly},
	url          = {\url{https://doi.org/10.1080/00029890.2009.11920965}},
	note = {\url{https://doi.org/10.1080/00029890.2009.11920965}},
}


@misc{gom-1,
author       = {Gómez, Paco},
title        = {\textit{Mathematics and Computation in Music 2019}: un congreso interdisciplinar},
howpublished = {\url{http://vps280516.ovh.net/divulgamat15/index.php?option=com_content&view=article&id=18184:98-junio-2019-mathematics-and-computation-in-music-2019-un-congreso-interdisciplinar&catid=67:ma-y-matemcas&directory=67}},
type         = {web page},
url          = {\url{http://vps280516.ovh.net/divulgamat15/index.php?option=com_content&view=article&id=18184:98-junio-2019-mathematics-and-computation-in-music-2019-un-congreso-interdisciplinar&catid=67:ma-y-matemcas&directory=67}},
year         = {julio de 2019},
note         = {Consultado en agosto de 2019}
}

@misc{gom-2,
author       = {Gómez, Paco},
title        = {\textit{Crónica del congreso Mathematics and Computation in Music 2019}},
howpublished = {\url{http://vps280516.ovh.net/divulgamat15/index.php?option=com_content&view=article&id=18206:99-agosto-2019-cronica-del-congreso-mathematics-and-computation-in-music-2019&catid=67:ma-y-matemcas&directory=67}},
type         = {web page},
url          = {\url{http://vps280516.ovh.net/divulgamat15/index.php?option=com_content&view=article&id=18206:99-agosto-2019-cronica-del-congreso-mathematics-and-computation-in-music-2019&catid=67:ma-y-matemcas&directory=67}},
year         = {julio de 2019},
note         = {Consultado en agosto de 2019}
} 


@misc{orb-est,
author       = {Gowers, Timothy},
title        = {{Group actions II: the orbit-stabilizer theorem}},
howpublished = {\url{https://gowers.wordpress.com/2011/11/09/group-actions-ii-the-orbit-stabilizer-theorem/}},
type         = {web page},
url          = {\url{https://gowers.wordpress.com/2011/11/09/group-actions-ii-the-orbit-stabilizer-theorem/}},
year         = {2011},
note         = {Consultado en octubre de 2019}
} 


@article{celia1,
author       = {Rubio Madrigal, Celia},
year         = {septiembre de 2019},
title        = {{Serialismo y matemáticas - I}},
journal      = {Divulgamat},
url          = {\url{http://vps280516.ovh.net/divulgamat15/index.php?option=com_content&view=article&id=18209:100-septiembre-2019-serialismo-y-matematicas-i&catid=67:ma-y-matemcas&directory=67}},
note = {\url{http://vps280516.ovh.net/divulgamat15/index.php?option=com_content&view=article&id=18209:100-septiembre-2019-serialismo-y-matematicas-i&catid=67:ma-y-matemcas&directory=67}}
}


@article{celia2,
	author       = {Rubio Madrigal, Celia},
	year         = {octubre de 2019},
	title        = {{Serialismo y matemáticas - II}},
	journal      = {Divulgamat},
	url          = {\url{http://vps280516.ovh.net/divulgamat15/index.php?option=com_content&view=article&id=18227:101-octubre-2019-serialismo-y-matematicas-ii&catid=67:ma-y-matemcas&directory=67}},
	note = {\url{http://vps280516.ovh.net/divulgamat15/index.php?option=com_content&view=article&id=18227:101-octubre-2019-serialismo-y-matematicas-ii&catid=67:ma-y-matemcas&directory=67}}
}
