@book{armstrong,
  author       = {Armstrong, Mark A.},
  title        = {{Groups and Symmetry}},
  isbn         = {9781475740349},
  lccn         = {87037677},  
  series       = {Undergraduate Texts in Mathematics},
  url          = {https://books.google.es/books?id=f2AFCAAAQBAJ},
  year         = {2013},
  publisher    = {Springer New York},
  chapter      = 8,
  note         = {Chapter 6: ``Permutations''. Chapter 17: ``Actions, Orbits, and Stabilizers''. Chapter 18: ``Counting Orbits''. \url{https://books.google.es/books?id=f2AFCAAAQBAJ}}
}		

@article{reiner,
	author       = {Reiner, David L.},
	year         = {1985},
	month        = {01},
	pages        = {51-54},
	title        = {{Enumeration in Music Theory}},
	volume       = {92},
	journal      = {The American Mathematical Monthly},
	url          = {\url{https://eclass.uoa.gr/modules/document/file.php/MATH379/2.%20%CE%86%CF%81%CE%B8%CF%81%CE%B1%3A%20American%20Mathematical%20Monthly/Enumeration%20in%20Music%20Theory.pdf}},
	note = {\url{https://eclass.uoa.gr/modules/document/file.php/MATH379/2.%20%CE%86%CF%81%CE%B8%CF%81%CE%B1%3A%20American%20Mathematical%20Monthly/Enumeration%20in%20Music%20Theory.pdf}},
}

@article{polygons,
	author       = {Golomb, S. W. and Welch, L. R.},
	year         = {1960},
	month        = {04},
	pages        = {349-353},
	title        = {{On the enumeration of polygons}},
	volume       = {67},
	journal      = {The American Mathematical Monthly},
	url          = {\url{https://oeis.org/A000939/a000939.pdf}},
	note = {\url{https://oeis.org/A000939/a000939.pdf}},
}
