@book{quote1,
	title={Schoenberg: his life, world, and work},
	author={Stuckenschmidt, H. H.},
	lccn={lc77376619},
	url={https://books.google.es/books?id=ApwZAQAAIAAJ},
	note={\url{https://books.google.es/books?id=ApwZAQAAIAAJ}},
	year={1977},
	publisher={Calder}
}

@misc{scho,
	author       = {Schoenberg, Arnold},
	title        = {{Style and Idea}},
	url          = {\url{http://music.ucsc.edu/sites/default/files/14.SchoenbergTwelveTone.pdf}},
	howpublished={\url{http://music.ucsc.edu/sites/default/files/14.SchoenbergTwelveTone.pdf}},
	year         = {1950},
}

@article{sevenpm2,
	author = {Miller, George A.},
	title = {{The Magical Number Seven, Plus or Minus Two: Some Limits on Our Capacity for Processing Information}},
	year = {1956},
	journal={Psychological Review},
	volume={63},
	url={\url{http://psychclassics.yorku.ca/Miller/}},
	note={\url{http://psychclassics.yorku.ca/Miller/}}
}


@misc{euclides,
	author       = {Gómez, Paco},
	title        = {Ritmos euclídeos y ritmos equilibrados},
	howpublished = {\url{http://vps280516.ovh.net/divulgamat15/index.php?option=com_content&view=article&id=17815:89-marzo-2018-ritmos-euclideos-y-ritmos-equilibrados&catid=67:ma-y-matemcas&directory=67}},
	type         = {web page},
	url          = {\url{http://vps280516.ovh.net/divulgamat15/index.php?option=com_content&view=article&id=17815:89-marzo-2018-ritmos-euclideos-y-ritmos-equilibrados&catid=67:ma-y-matemcas&directory=67}},
	year         = {marzo de 2018},
	note         = {Consultado en octubre de 2019}
}

@book{adorno,
	title={{Disonancias. Introducci{\'o}n a la sociolog{\'\i}a de la m{\'u}sica}},
	author={Adorno, T.W.},
	publisher={Continuum International Publishing Group Ltd.},
	url={\url{https://books.google.es/books?id=6uBiDwAAQBAJ}},
	note={\url{https://books.google.es/books?id=6uBiDwAAQBAJ}},
	year={1973}
}



@article{celia1,
	author       = {Rubio Madrigal, Celia},
	year         = {septiembre de 2019},
	title        = {{Serialismo y matemáticas - I}},
	journal      = {Divulgamat},
	url          = {\url{http://vps280516.ovh.net/divulgamat15/index.php?option=com_content&view=article&id=18209:100-septiembre-2019-serialismo-y-matematicas-i&catid=67:ma-y-matemcas&directory=67}},
	note = {\url{http://vps280516.ovh.net/divulgamat15/index.php?option=com_content&view=article&id=18209:100-septiembre-2019-serialismo-y-matematicas-i&catid=67:ma-y-matemcas&directory=67}}
}


@article{celia2,
	author       = {Rubio Madrigal, Celia},
	year         = {octubre de 2019},
	title        = {{Serialismo y matemáticas - II}},
	journal      = {Divulgamat},
	url          = {\url{http://vps280516.ovh.net/divulgamat15/index.php?option=com_content&view=article&id=18227:101-octubre-2019-serialismo-y-matematicas-ii&catid=67:ma-y-matemcas&directory=67}},
	note = {\url{http://vps280516.ovh.net/divulgamat15/index.php?option=com_content&view=article&id=18227:101-octubre-2019-serialismo-y-matematicas-ii&catid=67:ma-y-matemcas&directory=67}}
}
