
@book{perle,
	title      = {{Twelve-tone Tonality}},
	author     = {Perle, George},
	isbn       = {9780520033870},
	lccn       = {76050258},
	url        = {https://books.google.es/books?id=Vw3IeMkt8KAC},
	note       = {\url{https://books.google.es/books?id=Vw3IeMkt8KAC}},
	year       = {1977},
	publisher  = {University of California Press}
}

@article{hunter,
  author       = {J. Hunter, David and T. von Hippel, Paul},
  year         = {2003},
  month        = {02},
  pages        = {124-132},
  title        = {{How Rare Is Symmetry in Musical 12-Tone Rows?}},
  volume       = {110},
  journal      = {The American Mathematical Monthly},
  doi          = {10.1080/00029890.2003.11919945},
  url          = {\url{https://www.researchgate.net/publication/322881117_How_Rare_Is_Symmetry_in_Musical_12-Tone_Rows}},
  note = {\url{https://www.researchgate.net/publication/322881117_How_Rare_Is_Symmetry_in_Musical_12-Tone_Rows}},
}

@misc{boulez,
  author       = {Boulez, Pierre},
  title        = {{Schoenberg is dead}},
  howpublished = {\url{http://www.ubu.com/papers/Boulez-Schoenberg+Is+Dead.pdf}},
  type         = {web page},
  url          = {\url{http://www.ubu.com/papers/Boulez-Schoenberg+Is+Dead.pdf}},
  year         = {1952},
  note         = {Publicado en la revista {\it The Score} originalmente; consultado en l\'inea en agosto de 2019}
}

@article{entartete,
  title        = {{Las reglas de la m\'usica y las leyes del Estado: la ``Entartete Musik'' y el Tercer Reich}},
  author       = {Minguet, Vicent},
  issn         = {1134-8615},
  url          = {\url{https://ebuah.uah.es/dspace/handle/10017/38020}},
  note         = {\url{https://ebuah.uah.es/dspace/handle/10017/38020}},
  year         = {2018},
  volume       = {69},
  pages        = {9-29},
  journal      = {Quodlibet: revista de especializaci\'on musical},
}


@misc{stockhausen,
author       = {Maconie, Robin},
title        = {{Tuning In \textemdash~A Film about Karlheinz Stockhausen}},
howpublished = {\url{https://soulvlog.blogspot.com/2018/12/tuning-in-karlheinz-stockhausen-maconie.html}},
url          = {\url{https://soulvlog.blogspot.com/2018/12/tuning-in-karlheinz-stockhausen-maconie.html}},
year         = {1981},
note         = {Producido por Barrie Gavin para la serie de BBC ``Horizon''}
}


@misc{stockhausen,
  author       = {Maconie, Robin},
  title        = {{Tuning In \textemdash~A Film about Karlheinz Stockhausen}},
  howpublished = {\url{https://soulvlog.blogspot.com/2018/12/tuning-in-karlheinz-stockhausen-maconie.html}},
  url          = {\url{https://soulvlog.blogspot.com/2018/12/tuning-in-karlheinz-stockhausen-maconie.html}},
  year         = {1981},
  note         = {Producido por Barrie Gavin para la serie de BBC ``Horizon''}
}

@book{cyclic,
	title={The Music of Alban Berg},
	author={Headlam, David John},
	isbn={9780300064001},
	lccn={95046936},
	series={Composers of the twentieth century},
	url={https://books.google.es/books?id=0bTkoNwLb5AC},
	howpublished={\url{https://books.google.es/books?id=0bTkoNwLb5AC}},
	year={1996},
	publisher={Yale University Press}
}
