
@book{perle,
	title      = {{Twelve-tone Tonality}},
	author     = {Perle, George},
	isbn       = {9780520033870},
	lccn       = {76050258},
	url        = {https://books.google.es/books?id=Vw3IeMkt8KAC},
	note       = {\url{https://books.google.es/books?id=Vw3IeMkt8KAC}},
	year       = {1977},
	publisher  = {University of California Press}
}

@article{hunter,
  author       = {J. Hunter, David and T. von Hippel, Paul},
  year         = {2003},
  month        = {02},
  pages        = {124-132},
  title        = {{How Rare Is Symmetry in Musical 12-Tone Rows?}},
  volume       = {110},
  journal      = {The American Mathematical Monthly},
  doi          = {10.1080/00029890.2003.11919945},
  url          = {\url{https://www.researchgate.net/publication/322881117_How_Rare_Is_Symmetry_in_Musical_12-Tone_Rows}},
  note = {\url{https://www.researchgate.net/publication/322881117_How_Rare_Is_Symmetry_in_Musical_12-Tone_Rows}},
}

@misc{gom-1,
author       = {Gómez, Paco},
title        = {\textit{Mathematics and Computation in Music 2019}: un congreso interdisciplinar},
howpublished = {\url{http://vps280516.ovh.net/divulgamat15/index.php?option=com_content&view=article&id=18184:98-junio-2019-mathematics-and-computation-in-music-2019-un-congreso-interdisciplinar&catid=67:ma-y-matemcas&directory=67}},
type         = {web page},
url          = {\url{http://vps280516.ovh.net/divulgamat15/index.php?option=com_content&view=article&id=18184:98-junio-2019-mathematics-and-computation-in-music-2019-un-congreso-interdisciplinar&catid=67:ma-y-matemcas&directory=67}},
year         = {julio de 2019},
note         = {Consultado en agosto de 2019}
}

@misc{gom-2,
author       = {Gómez, Paco},
title        = {\textit{Crónica del congreso Mathematics and Computation in Music 2019}},
howpublished = {\url{http://vps280516.ovh.net/divulgamat15/index.php?option=com_content&view=article&id=18206:99-agosto-2019-cronica-del-congreso-mathematics-and-computation-in-music-2019&catid=67:ma-y-matemcas&directory=67}},
type         = {web page},
url          = {\url{http://vps280516.ovh.net/divulgamat15/index.php?option=com_content&view=article&id=18206:99-agosto-2019-cronica-del-congreso-mathematics-and-computation-in-music-2019&catid=67:ma-y-matemcas&directory=67}},
year         = {julio de 2019},
note         = {Consultado en agosto de 2019}
} 

@article{celia1,
author       = {Rubio Madrigal, Celia},
year         = {septiembre de 2019},
title        = {{Serialismo y matemáticas - I}},
journal      = {Divulgamat},
url          = {\url{http://vps280516.ovh.net/divulgamat15/index.php?option=com_content&view=article&id=18209:100-septiembre-2019-serialismo-y-matematicas-i&catid=67:ma-y-matemcas&directory=67}},
note = {\url{http://vps280516.ovh.net/divulgamat15/index.php?option=com_content&view=article&id=18209:100-septiembre-2019-serialismo-y-matematicas-i&catid=67:ma-y-matemcas&directory=67}}
}

@misc{boulez,
  author       = {Boulez, Pierre},
  title        = {{Schoenberg is dead}},
  howpublished = {\url{http://www.ubu.com/papers/Boulez-Schoenberg+Is+Dead.pdf}},
  type         = {web page},
  url          = {\url{http://www.ubu.com/papers/Boulez-Schoenberg+Is+Dead.pdf}},
  year         = {1952},
  note         = {Publicado en la revista {\it The Score} originalmente; consultado en agosto de 2019}
}

@article{entartete,
  title        = {{Las reglas de la música y las leyes del Estado: la ``Entartete Musik'' y el Tercer Reich}},
  author       = {Minguet, Vicent},
  issn         = {1134-8615},
  url          = {\url{https://ebuah.uah.es/dspace/handle/10017/38020}},
  note         = {\url{https://ebuah.uah.es/dspace/handle/10017/38020}},
  year         = {2018},
  volume       = {69},
  pages        = {9-29},
  journal      = {Quodlibet: revista de especialización musical},
}


@misc{stockhausen,
author       = {Maconie, Robin},
title        = {{Tuning In \textemdash~A Film about Karlheinz Stockhausen}},
howpublished = {\url{https://soulvlog.blogspot.com/2018/12/tuning-in-karlheinz-stockhausen-maconie.html}},
url          = {\url{https://soulvlog.blogspot.com/2018/12/tuning-in-karlheinz-stockhausen-maconie.html}},
year         = {1981},
note         = {Producido por Barrie Gavin para la serie de BBC ``Horizon''}
}

@book{cyclic,
	title={The Music of Alban Berg},
	author={Headlam, David John},
	isbn={9780300064001},
	lccn={95046936},
	series={Composers of the twentieth century},
	url={https://books.google.es/books?id=0bTkoNwLb5AC},
	note={\url{https://books.google.es/books?id=0bTkoNwLb5AC}},
	year={1996},
	publisher={Yale University Press}
}
